% Master Thesis 
% --------------------------------------

% This file was created with Citavi 6.10.0.0

@misc{Vorgehen_ds,
 abstract = {Erfahren Sie, was man unter Datenwissenschaft versteht, warum sie wichtig ist und wie Sie AWS-Tools f{\"u}r Datenwissenschafts-Anforderungen verwenden k{\"o}nnen.},
 author = {{Amazon Web Services, Inc.}},
 year = {15.11.2023},
 title = {Was ist Datenwissenschaft? -- Datenwissenschaft erkl{\"a}rt -- AWS},
 url = {https://aws.amazon.com/de/what-is/data-science/},
 urldate = {09.12.2023}
}




@book{AE_zitat,
  title={If You Want to Know the Future, Look at the Past.},
  author={KARATA{\c{S}}, M. and Einstein, A.},
  isbn={9781976758331},
  url={https://books.google.de/books?id=u_14twEACAAJ},
  year={2017},
  publisher={Amazon Digital Services LLC - KDP Print US}
}


% ----------------------------







@online{Fowler2014,
	Author = {Martin Fowler},
	Title = {{Microservices}},
	Url = {https://martinfowler.com/articles/microservices.html},
	Urldate = {2018-10-22},
	Month = {3},
	Year = {2014}}

@book{Reese2009,
	Author = {George Reese},
	Edition = {1. Auflage},
	Keywords = {Cloud Architectures},
	Month = {4},
	Publisher = {O'Reilly Media},
	Title={Cloud Application Architectures: Building Applications and Infrastructure in the Cloud},
	isbn={9780596156367},
	Year = {2009}}

% This file was created with Citavi 6.10.0.0

@misc{HochschuleniederrheimDeeply,
	author = {{Hochschule niederrheim}},
	year = {29.10.2021},
	title = {CAS Embedded Systems Professional - Hochschule Niederrhein},
	url = {https://www.hs-niederrhein.de/weiterbildung/sichere-software/cas-embedded-systems-professional/},
	urldate = {29.10.2021}
}

@misc{RasberryPiSpecs,
	year = {05.11.2021},
	title = {Raspberry Pi 4 Model B specifications -- Raspberry Pi},
	url = {https://www.raspberrypi.com/products/raspberry-pi-4-model-b/specifications/},
	urldate = {07.11.2021}
}

% This file was created with Citavi 6.10.0.0

@book{EmbeddedLinuxQuade,
	abstract = {Im Bereich eingebetteter Systeme ist Linux weit verbreitet. Und in Kombination mit der Embedded-Plattform Raspberry Pi bildet es ein optimales Gespann, um sich praxisorientiert Kenntnisse und Techniken anzueignen, die f{\"u}r die Entwicklung eingebetteter Systeme notwendig sind. Dieses einf{\"u}hrende Lehr- und Arbeitsbuch beschreibt daher Aufbau, Konzeption und Realisierung eingebetteter Linux-Systeme am Beispiel des Raspberry Pi. Zahlreiche Beispiele sowie Tipps und Tricks machen das Thema anschaulich und erleichtern die Umsetzung in die Praxis. Nach der erfolgreichen Lekt{\"u}re k{\"o}nnen Sie - einfache eingebettete System planen und realisieren - eine Cross-Entwicklungsumgebung im Rahmen einer Host-Target-Entwicklung aufsetzen - Systemsoftware konfektionieren und zu einem Embedded-Linux-Gesamtsystem zusammenbauen - die Einschr{\"a}nkungen bei der Applikationserstellung im Umfeld eingebetteter System einsch{\"a}tzen und Anwendungssoftware erstellen - den grundlegenden Aufbau von Treibersoftware nachvollziehen und einfache Treiber programmieren - die Anforderungen an Security verstehen und durch geeignete Techniken gew{\"a}hrleisten. Vom Systemanwender zum Systementwickler: W{\"a}hrend die meisten B{\"u}cher rund um den Raspberry Pi zeigen, wie Sie vorhandene Systemsoftware einsetzen und f{\"u}r Ihre Anwendung nutzen, entwickeln Sie mit diesem Mitmach-Buch ein optimal auf Ihre eigenen Bed{\"u}rfnisse angepasstes Embedded Linux!},
	author = {Quade, J{\"u}rgen},
	year = {2014},
	title = {Embedded Linux lernen mit dem Raspberry Pi: Linux-Systeme selber bauen und programmieren},
	url = {http://ebooks.ciando.com/book/index.cfm/bok_id/1423957},
	address = {Heidelberg},
	edition = {1. Auflage},
	publisher = {dpunkt.verlag},
	isbn = {9783864915093}
}

% This file was created with Citavi 6.10.0.0

@misc{galvanischeEntkopplungErklaert,
	abstract = {Bei Breimer-Roth finden Sie Infos zur Funktionsweise {\&} den Anwendungsgebieten der galvanischen Trennung. Hier mehr erfahren!},
	author = {{Breimer-Roth Transformatoren}},
	year = {10.05.2021},
	title = {Galvanische Trennung: Wissenswertes zur galvanischen Trennung bei Breimer-Roth},
	url = {https://bre-trafo.de/wissen/galvanische-trennung/},
	urldate = {20.11.2021}
}

% This file was created with Citavi 6.10.0.0

@book{GettingStartedQt,
	abstract = {bBegin writing graphical user interface(GUI) applications for building human machine interfaces with a clear understanding of key concepts of the Qt framework/b h4Key Features/h4 ulliLearn how to write, assemble, and build Qt application from the command line /li liUnderstand key concepts like Signals and Slots in Qt /li liBest practices and effective techniques for designing graphical user interfaces using Qt 5/li/ul h4Book Description/h4 Qt is a cross-platform application framework and widget toolkit that is used to create GUI applications that can run on different hardware and operating systems. The main aim of this book is to introduce Qt to the reader. Through the use of simple examples, we will walk you through building blocks without focusing too much on theory. Qt is a popular tool that can be used for building a variety of applications, such as web browsers, media players such as VLC, and Adobe Photoshop. Following Qt installation and setup, the book dives straight into helping you create your first application. You will be introduced to Widgets, Qt's interface building block, and the many varieties that are available for creating GUIs. Next, Qt's core concept of signals and slots are well illustrated with sufficient examples. The book further teaches you how to create custom widgets, signals and slots, and how to communicate useful information via dialog boxes. To cap everything off, you will be taken through writing applications that can connect to databases in order to persist data. By the end of the book, you should be well equipped to start creating your own Qt applications and confident enough to pick up more advanced Qt techniques and materials to hone your skills. h4What you will learn/h4 ulliSet up and configure your machine to begin developing Qt applications /li liDiscover different widgets and layouts for constructing UIs /li liUnderstand the key concept of signals and slots /li liUnderstand how signals and slots help animate a GUI /li liExplore how to create customized widgets along with signals and slots /li liUnderstand how to subclass and create a custom windows application /li liUnderstand how to write applications that can talk to databases./li/ul h4Who this book is for/h4 Anyone trying to start development of graphical user interface application will find this book useful. One does not need prior exposure to other toolkits to understand this book. In order to learn from this book you should have basic knowledge of C++ and a good grasp of Object Oriented Programming. Familiarity with GNU/Linux will be very useful though it's not a mandatory skill.},
	author = {Baka, Benjamin},
	year = {2019},
	title = {Getting Started with Qt 5: Introduction to programming Qt 5 for cross-platform application development},
	url = {https://www.wiso-net.de/document/PKEB__9781789955125136},
	address = {Birmingham},
	edition = {1},
	publisher = {{Packt Publishing Limited}},
	isbn = {9781789955125}
}

% This file was created with Citavi 6.10.0.0

@misc{WasIstEinFramework,
	abstract = {Framework ist ein anderer Begriff f{\"u}r Rahmenwerk oder Grundstruktur. Die Verwendung der Bezeichnung {\glqq}Framework{\grqq} ...},
	author = {{Business Systemhaus AG}},
	year = {16.11.2021},
	title = {Was ist ein Framework? Definition {\&} Erkl{\"a}rung - BSH AG},
	url = {https://www.bsh-ag.de/it-wissensdatenbank/framework/},
	urldate = {21.11.2021}
}

% This file was created with Citavi 6.10.0.0

@inproceedings{QtOnEmbeddedLinux,
	abstract = {This paper analyses the important characteristic of Qt/Embedded on embedded Linux, compares three kinds of tools of embedded GUI programming to find out their advantages and shortcomings, describes the application of qt-x11and qt/e. The results shows that this software can help simplifying designing process and improving efficiency greatly.},
	author = {{Q. Jinhui} and {L. D. Hui} and {Y. Junchao}},
	title = {The Application of Qt/Embedded on Embedded Linux},
	pages = {1304--1307},
	booktitle = {2012 International Conference on Industrial Control and Electronics Engineering},
	year = {2012},
	doi = {10.1109/ICICEE.2012.346}
}

% This file was created with Citavi 6.10.0.0

@book{EmacsKurz,
	author = {Cameron, Debra},
	year = {2000},
	title = {GNU Emacs: Kurz {\&} gut},
	price = {EUR 8.00 (kart.)},
	address = {Beijing and O'Reilly},
	edition = {1. Aufl., 2., korr. Nachdr., dt. Ausg},
	isbn = {3897212110},
	series = {O'Reillys Taschenbibliothek}
}

% This file was created with Citavi 6.10.0.0

@misc{qtStory,
	year = {22.03.2016},
	title = {the-qt-story},
	url = {https://rtime.felk.cvut.cz/osp/prednasky/gui/the-qt-story/},
	urldate = {27.11.2021}
}

% This file was created with Citavi 6.10.0.0

@article{WasIstEinCompiler,
	abstract = {Ein Compiler {\"u}bersetzt den in einer h{\"o}heren Programmiersprache geschriebenen~Quellcode~in die maschinenlesbare, bin{\"a}re Sprache.},
	author = {{t2informatik. Wir entwickeln Software.}},
	year = {10.07.2018},
	title = {Was ist ein Compiler? - Wissen kompakt - t2informatik},
	url = {https://t2informatik.de/wissen-kompakt/compiler/},
	urldate = {28.11.2021},
	journal = {t2informatik GmbH}
}

@INPROCEEDINGS{SignalSlotMechanismus,
	author={Lobur, Maryan and Dykhta, Ihor and Golovatsky, Ruslan and Wrobel, Jan},
	booktitle={2011 11th International Conference The Experience of Designing and Application of CAD Systems in Microelectronics (CADSM)},
	title={The usage of signals and slots mechanism for custom software development in case of incomplete information},
	year={2011},
	pages={226-227},
}

% This file was created with Citavi 6.10.0.0

@misc{WasIstBlazor,
	author = {Kexugit},
	year = {03.12.2021},
	title = {Web Development - C{\#} in the Browser with Blazor},
	url = {https://docs.microsoft.com/en-us/archive/msdn-magazine/2018/september/web-development-csharp-in-the-browser-with-blazor},
	urldate = {03.12.2021}
}

% This file was created with Citavi 6.10.0.0

@misc{HierKommtBlazor,
	abstract = {Einige .NET-Entwickler tun sich schwer mit der Entwicklung von Web-Applikationen. Deshalb hat Microsoft ein neues Web-Framework namens Blazor eingef{\"u}hrt.},
	author = {bbv},
	year = {04.12.2021},
	title = {Hier kommt Blazor},
	url = {https://www.bbv.ch/blazor/},
	urldate = {04.12.2021}
}

% This file was created with Citavi 6.10.0.0

@misc{JsRuntime,
	abstract = {In diesem Artikel erfahren Sie, wie Sie JavaScript-Funktionen {\"u}ber .NET-Methoden in Blazor-Apps aufrufen.},
	author = {Guardrex},
	year = {10.12.2021},
	title = {Aufrufen von JavaScript-Funktionen {\"u}ber .NET-Methoden in ASP.NET Core Blazor},
	url = {https://docs.microsoft.com/de-de/aspnet/core/blazor/javascript-interoperability/call-javascript-from-dotnet?view=aspnetcore-6.0},
	urldate = {10.12.2021}
}
% This file was created with Citavi 6.10.0.0

@misc{BlazorComponents,
	abstract = {Learn how to create and use Razor components in Blazor apps, including guidance on Razor syntax in components, component naming, namespaces, and component parameters.},
	author = {Guardrex},
	year = {10.12.2021},
	title = {ASP.NET Core Razor components},
	url = {https://docs.microsoft.com/en-us/aspnet/core/blazor/components/?view=aspnetcore-6.0},
	urldate = {10.12.2021}
}

% This file was created with Citavi 6.10.0.0

@article{JSIsolation,
	abstract = {In this post, I describe how to use JavaScript isolation in an ASP.NET Core Blazor application.},
	author = {Barre, Gerald},
	year = {21.09.2020},
	title = {JavaScript Isolation in Blazor Components},
	url = {https://www.meziantou.net/javascript-isolation-in-blazor-components.htm},
	urldate = {10.12.2021}
}

@INPROCEEDINGS{JavaVsCSharp,
	author={Hassan, Hassan Bapeer and Sarhan, Qusay Idrees},
	booktitle={2020 International Conference on Computer Science and Software Engineering (CSASE)},
	title={Performance Evaluation of Graphical User Interfaces in Java and C#},
	year={2020},
	pages={290-295},
	doi={10.1109/CSASE48920.2020.9142075}}


% This file was created with Citavi 6.10.0.0

@misc{digitalisierteWelt,
	year = {05.02.2022},
	title = {Alles, was digitalisiert werden kann, wird digitalisiert -- Digitalisierung und ich},
	url = {https://digitalisierung-und-ich.de/alles-was-digitalisiert-werden-kann-wird-digitalisiert/},
	urldate = {05.02.2022}
}

% This file was created with Citavi 6.10.0.0

@article{EmbeddedSystem,
	abstract = {Ein eingebettetes System (englisch embedded system) ist ein bin{\"a}rwertiges digitales System (auch Computersystem genannt), das in ein umgebendes technisches System eingebettet ist und mit diesem in Wechselwirkung steht. Dabei {\"u}bernimmt der Rechner meist {\"U}berwachungs-, Steuerungs- oder Regelungsfunktionen, ist oft aber auch  f{\"u}r eine Form der Daten- bzw. Signalverarbeitung zust{\"a}ndig.},
	author = {Gerstl, Sebastian},
	year = {27.11.2017},
	title = {Was ist ein Embedded System?},
	url = {https://www.embedded-software-engineering.de/was-ist-ein-embedded-system-a-665424/},
	urldate = {14.02.2022},
	journal = {Embedded Software Engineering}
}

% This file was created with Citavi 6.10.0.0

@misc{EmbeddeHardware,
	abstract = {Eingebettete Systeme sind Schaltungen, die innerhalb gr{\"o}{\ss}erer Systeme verschiedene Funktionen erf{\"u}llen. Sie basieren auf Mikroprozessoren oder Mikrocontrollern.},
	author = {Whatis.com/de},
	year = {14.02.2022},
	title = {Was ist Embedded System (Eingebettetes System)? - Definition von WhatIs.com},
	url = {https://whatis.techtarget.com/de/definition/Eingebettetes-System},
	urldate = {14.02.2022}
}

% This file was created with Citavi 6.10.0.0

@misc{RazorPages,
	abstract = {Erl{\"a}utert, wie Razor Pages in ASP.NET Core Ihre Codepageszenarios einfacher und produktiver gestalten als MVC.},
	author = {Rick-Anderson},
	year = {17.02.2022},
	title = {Einf{\"u}hrung in Razor Pages in ASP.NET Core},
	urldate = {17.02.2022}
}

% This file was created with Citavi 6.10.0.0

@article{RESTAPI,
	abstract = {REST steht f{\"u}r REpresentational State Transfer, API f{\"u}r Application Programming Interface. Gemeint ist damit eine Programmierschnittstelle, die sich an den Paradigmen und Verhalten des World Wide Web (WWW) orientiert und einen Ansatz f{\"u}r die Kommunikation zwischen Client und Server in Netzwerken beschreibt.},
	author = {Srocke, Dirk},
	year = {09.06.2017},
	title = {Was ist eine REST API?},
	url = {https://www.cloudcomputing-insider.de/was-ist-eine-rest-api-a-611116/},
	urldate = {17.02.2022},
	journal = {CloudComputing-Insider}
}

% This file was created with Citavi 6.10.0.0

@misc{Komponenten,
	abstract = {Erfahren Sie, wie Sie Razor-Komponenten erstellen und in Blazor-Apps verwenden. Hier finden Sie au{\ss}erdem Anleitungen zur Razor-Syntax in Komponenten, zu Komponentennamen, Namespaces und Komponentenparametern.},
	author = {Guardrex},
	year = {17.02.2022},
	title = {ASP.NET Core-Razor-Komponenten},
	url = {https://docs.microsoft.com/de-de/aspnet/core/blazor/components/?view=aspnetcore-6.0},
	urldate = {17.02.2022}
}





































